@article{robins2010learning,
  title={Learning edge momentum: A new account of outcomes in CS1},
  author={Robins, Anthony},
  journal={Computer Science Education},
  volume={20},
  number={1},
  pages={37--71},
  year={2010},
  publisher={Taylor \& Francis}
}

@article{mosenthal1998new,
  title={A new measure for assessing document complexity: The PMOSE/IKIRSCH document readability formula},
  author={Mosenthal, Peter B and Kirsch, Irwin S},
  journal={Journal of Adolescent \& Adult Literacy},
  volume={41},
  number={8},
  pages={638--657},
  year={1998},
  publisher={JSTOR}
}

@inproceedings{banko2007open,
  title={Open information extraction from the web.},
  author={Banko, Michele and Cafarella, Michael J and Soderland, Stephen and Broadhead, Matthew and Etzioni, Oren},
  booktitle={IJCAI},
  volume={7},
  pages={2670--2676},
  year={2007}
}

@article{sweller1994cognitive,
  title={Cognitive load theory, learning difficulty, and instructional design},
  author={Sweller, John},
  journal={Learning and instruction},
  volume={4},
  number={4},
  pages={295--312},
  year={1994},
  publisher={Elsevier}
}

@article{chandler1996cognitive,
  title={Cognitive load while learning to use a computer program},
  author={Chandler, Paul and Sweller, John},
  journal={Applied cognitive psychology},
  volume={10},
  number={2},
  pages={151--170},
  year={1996},
  publisher={Wiley Online Library}
}

@incollection{sweller2011element,
  title={The Element Interactivity Effect},
  author={Sweller, John and Ayres, Paul and Kalyuga, Slava},
  booktitle={Cognitive Load Theory},
  pages={193--201},
  year={2011},
  publisher={Springer}
}

@article{sweller2010element,
  title={Element interactivity and intrinsic, extraneous, and germane cognitive load},
  author={Sweller, John},
  journal={Educational psychology review},
  volume={22},
  number={2},
  pages={123--138},
  year={2010},
  publisher={Springer}
}

@article{axelrod1973schema,
  title={Schema theory: An information processing model of perception and cognition},
  author={Axelrod, Robert},
  journal={American political science review},
  volume={67},
  number={4},
  pages={1248--1266},
  year={1973},
  publisher={Cambridge University Press}
}

@article{abelson1981psychological,
  title={Psychological status of the script concept.},
  author={Abelson, Robert P},
  journal={American psychologist},
  volume={36},
  number={7},
  pages={715},
  year={1981},
  publisher={American Psychological Association}
}

@misc{bartlett1995remembering,
  title={Remembering: A study in experimental and social psychology},
  author={Bartlett, Frederic Charles and Bartlett, Frederic C and Kintsch, Walter},
  year={1995},
  publisher={Cambridge University Press}
}

@article{purver2011topic,
  title={Topic segmentation},
  author={Purver, Matthew},
  journal={Spoken language understanding: systems for extracting semantic information from speech},
  pages={291--317},
  year={2011},
  publisher={Wiley Hoboken, New Jersey}
}

@article{hearst1997texttiling,
  title={TextTiling: Segmenting text into multi-paragraph subtopic passages},
  author={Hearst, Marti A},
  journal={Computational linguistics},
  volume={23},
  number={1},
  pages={33--64},
  year={1997},
  publisher={MIT Press}
}

@article{hudak1990formal,
  title={Formal operations and learning style predict success in statistics and computer science courses},
  author={Hudak, Mary A and Anderson, David E},
  journal={Teaching of Psychology},
  volume={17},
  number={4},
  pages={231--234},
  year={1990},
  publisher={SAGE Publications Sage CA: Los Angeles, CA}
}

@misc{algorithms_documentation, 
  title={Algorithms - NetworkX 2.3 documentation},  howpublished={\url{https://networkx.github.io/documentation/stable/reference/algorithms/index.html}}, 
  author={{NetworkX Developers}},
  year={2004},
  note={Accessed on 05 July 2019}
}

@article{koncel2019text,
  title={Text Generation from Knowledge Graphs with Graph Transformers},
  author={Koncel-Kedziorski, Rik and Bekal, Dhanush and Luan, Yi and Lapata, Mirella and Hajishirzi, Hannaneh},
  journal={arXiv preprint arXiv:1904.02342},
  year={2019}
}

@book{zhang2002knowledge,
  title={Knowledge graph theory and structural parsing},
  author={Zhang, Liecai},
  year={2002},
  publisher={Twente University Press}
}

@article{sowa1987semantic,
  title={Semantic networks},
  author={Sowa, John F},
  year={1987},
  publisher={Citeseer}
}

@article{ercan2007using,
  title={Using lexical chains for keyword extraction},
  author={Ercan, Gonenc and Cicekli, Ilyas},
  journal={Information Processing \& Management},
  volume={43},
  number={6},
  pages={1705--1714},
  year={2007},
  publisher={Elsevier}
}

@article{liu2008dependency,
  title={Dependency distance as a metric of language comprehension difficulty},
  author={Liu, Haitao},
  journal={Journal of Cognitive Science},
  volume={9},
  number={2},
  pages={159--191},
  year={2008},
  publisher={서울대학교 인지과학연구소}
}

@article{taylor1984effects,
  title={The effects of text structure instruction on middle-grade students' comprehension and production of expository text},
  author={Taylor, Barbara M and Beach, Richard W},
  journal={Reading Research Quarterly},
  pages={134--146},
  year={1984},
  publisher={JSTOR}
}

@book{martin2018speech,
  title={Speech and language processing: An introduction to natural language processing, computational linguistics, and speech recognition. Third Edition draft},
  author={Martin, James H and Jurafsky, Daniel},
  year={2018},
  publisher={Pearson/Prentice Hall Upper Saddle River},
  chapter={13},
  pages={270--272}
}

@inproceedings{abdeen2009direct,
  title={Direct automatic generation of mind maps from text with M 2 Gen},
  author={Abdeen, Mohammad and El-Sahan, R and Ismaeil, A and El-Harouny, S and Shalaby, M and Yagoub, MCE},
  booktitle={2009 IEEE Toronto International Conference Science and Technology for Humanity (TIC-STH)},
  pages={95--99},
  year={2009},
  organization={IEEE}
}

@inproceedings{angeli2015leveraging,
  title={Leveraging linguistic structure for open domain information extraction},
  author={Angeli, Gabor and Premkumar, Melvin Jose Johnson and Manning, Christopher D},
  booktitle={Proceedings of the 53rd Annual Meeting of the Association for Computational Linguistics and the 7th International Joint Conference on Natural Language Processing (Volume 1: Long Papers)},
  pages={344--354},
  year={2015}
}

@InProceedings{manning-EtAl:2014:P14-5,
  author    = {Manning, Christopher D. and  Surdeanu, Mihai  and  Bauer, John  and  Finkel, Jenny  and  Bethard, Steven J. and  McClosky, David},
  title     = {The {Stanford} {CoreNLP} Natural Language Processing Toolkit},
  booktitle = {Association for Computational Linguistics (ACL) System Demonstrations},
  year      = {2014},
  pages     = {55--60},
  url       = {http://www.aclweb.org/anthology/P/P14/P14-5010}
}

@article{miller1956magical,
  title={The magical number seven, plus or minus two: Some limits on our capacity for processing information.},
  author={Miller, George A},
  journal={Psychological review},
  volume={63},
  number={2},
  pages={81},
  year={1956},
  publisher={American Psychological Association}
}

@article{matsuo2004keyword,
  title={Keyword extraction from a single document using word co-occurrence statistical information},
  author={Matsuo, Yutaka and Ishizuka, Mitsuru},
  journal={International Journal on Artificial Intelligence Tools},
  volume={13},
  number={01},
  pages={157--169},
  year={2004},
  publisher={World Scientific}
}

@article{rose2010automatic,
  title={Automatic keyword extraction from individual documents},
  author={Rose, Stuart and Engel, Dave and Cramer, Nick and Cowley, Wendy},
  journal={Text mining: applications and theory},
  volume={1},
  pages={1--20},
  year={2010},
  publisher={Wiley, New York.< author}
}

@inproceedings{mihalcea2004textrank,
  title={Textrank: Bringing order into text},
  author={Mihalcea, Rada and Tarau, Paul},
  booktitle={Proceedings of the 2004 conference on empirical methods in natural language processing},
  pages={404--411},
  year={2004}
}